@misc{traffic_crashes_people,
  title = {Traffic Crashes - People Dataset},
  year = {2024},
  note = {Available online: catalog.data.gov}
}

@misc{traffic_crashes_vehicles,
  title = {Traffic Crashes - Vehicles Dataset},
  year = {2024},
  note = {Available online: catalog.data.gov}
}

@misc{github_repo,
  author = {Asheer Ali},
  title = {Advanced Data Engineering Project Repository},
  year = {2024},
  note = {Available at GitHub: https://github.com/asheerali/advanced-data-engineering/}
}
